@article{bradley2011parallelization,
  title={Parallelization techniques for random number generations},
  author={Bradley, Thomas and du Toit, Jacques and Tong, Robert and Giles, Mike and Woodhams, Paul},
  journal={GPU Computing Gems Emerald Edition},
  volume={16},
  pages={231--246},
  year={2011},
  publisher={Elsevier}
}

@article{stephens2017arm,
	title={The ARM Scalable Vector Extension},
	author={Stephens, Nigel and Biles, Stuart and Boettcher, Matthias and Eapen, Jacob and Eyole, Mbou and Gabrielli, Giacomo and Horsnell, Matt and Magklis, Grigorios and Martinez, Alejandro and Premillieu, Nathanael and Reid, Alastair and Rico, Alejandro and Walker, Paul},
	journal={IEEE Micro},
	volume={37},
	number={2},
	pages={26--39},
	year={2017},
	publisher={IEEE}
}

@inproceedings{musa2008effects,
	title={Effects of MSHR and prefetch mechanisms on an on-chip cache of the vector architecture},
	author={Musa, Akihoro and Sato, Yoshiei and Soga, Takashi and Egawa, Ryusuke and Takizawa, Hiroyuki and Okabe, Koki and Kobayashi, Hiroaki},
	booktitle={Parallel and Distributed Processing with Applications, 2008. ISPA'08. International Symposium on},
	pages={335--342},
	year={2008},
	organization={IEEE}
}
